

@book{galkin,
  title={Историческая грамматика марийского языка.},
  author={Галкин, И.С.},
  year={1964},
  publisher={Марийское книжное издательство}
}

@book{savatkova_dict,
  title={Словарь горномарийского языка. (Hill Mari Dictionary},
  author={Саваткова, А.А.},
  year={2008},
  edition={2},
  publisher={Марийское книжное издательство}
}

@book{savatkova_book,
  title={Горное наречие марийского языка. (The Hill Dialect of Mari language)},
  author={Саваткова, А.А.},
  series={Bibliotheca Ceremissica},
  volume={V},
  publisher={Savariae: Berzsenyi Dániel Főiskola},
  year={2002},
  pages={292},
}

@misc{snowball_old,
 title = {Snowball Stemmer older website},
 author = {Porter, Martin and Boulton, Richard and Miles, Patrick and others},
 url = {http://snowball.tartarus.org/},
 year = {2014}
}

@misc{snowball_new,
 title = {Snowball Stemmer current website},
 author = {Porter, Martin and Boulton, Richard and Miles, Patrick and others},
 url = {http://snowball.tartarus.org/},
 year = {2018}
}

@misc{porter,
 title = {An algorithm for suffix stripping},
 author = {Porter, Martin},
 url = {http://telemat.det.unifi.it/book/2001/wchange/download/stem\textunderscore porter.html},
 journal={https://web.archive.org/web/20070528092036/},
 year = {1980}
}

